@article{Bertlmann,
   title={Entanglement, Bell Inequalities and Decoherence in Particle Physics},
   ISBN={3540300856},
   url={http://dx.doi.org/10.1007/11398448_1},
   DOI={10.1007/11398448_1},
   journal={Lecture Notes in Physics},
   publisher={Springer-Verlag},
   author={Bertlmann, R.A.},
   pages={1â€“45}
}
@article{bell,
  title = {On the Einstein Podolsky Rosen paradox},
  author = {Bell, J. S.},
  journal = {Physics Physique Fizika},
  volume = {1},
  issue = {3},
  pages = {195--200},
  numpages = {6},
  year = {1964},
  month = {Nov},
  publisher = {American Physical Society},
  doi = {10.1103/PhysicsPhysiqueFizika.1.195},
  url = {https://link.aps.org/doi/10.1103/PhysicsPhysiqueFizika.1.195}
}
@article{carla,
  title = {Entanglement, Bell Inequalities and Decoherence in Neutral K-Meson Systems},
  author = {Carla Schuler},
  year = {2014},
  url = {https://homepage.univie.ac.at/reinhold.bertlmann/pdfs/dipl_diss/CarlaSchuler_BA_v2.pdf}
}
@article{bgh,
  title = {Open-quantum-system formulation of particle decay},
  author = {Bertlmann, Reinhold A. and Grimus, Walter and Hiesmayr, Beatrix C.},
  journal = {Phys. Rev. A},
  volume = {73},
  issue = {5},
  pages = {054101},
  numpages = {4},
  year = {2006},
  month = {May},
  publisher = {American Physical Society},
  doi = {10.1103/PhysRevA.73.054101},
  url = {https://link.aps.org/doi/10.1103/PhysRevA.73.054101}
}
@article{mexico,
author = {Socolovsky, Miguel},
year = {2002},
month = {08},
pages = {384-390},
title = {On Bell's theorem},
volume = {48},
journal = {Revista Mexicana De Fisica - REV MEX FIS}
}
