@article{cite1,
  title = {Uncertainty in Quantum Measurements},
  author = {Deutsch, David},
  journal = {Phys. Rev. Lett.},
  volume = {50},
  issue = {9},
  pages = {631--633},
  numpages = {0},
  year = {1983},
  month = {Feb},
  publisher = {American Physical Society},
  doi = {10.1103/PhysRevLett.50.631},
  url = {https://link.aps.org/doi/10.1103/PhysRevLett.50.631}
}


@article{cite2,
  title = {Generalized entropic uncertainty relations},
  author = {Maassen, Hans and Uffink, J. B. M.},
  journal = {Phys. Rev. Lett.},
  volume = {60},
  issue = {12},
  pages = {1103--1106},
  numpages = {0},
  year = {1988},
  month = {Mar},
  publisher = {American Physical Society},
  doi = {10.1103/PhysRevLett.60.1103},
  url = {https://link.aps.org/doi/10.1103/PhysRevLett.60.1103}
}

@article{cite3,
   title={Complementarity reveals bound entanglement of two twisted photons},
   volume={15},
   ISSN={1367-2630},
   url={http://dx.doi.org/10.1088/1367-2630/15/8/083036},
   DOI={10.1088/1367-2630/15/8/083036},
   number={8},
   journal={New Journal of Physics},
   publisher={IOP Publishing},
   author={Hiesmayr, Beatrix C and Löffler, Wolfgang},
   year={2013},
   month={Aug},
   pages={083036}
}

@article{cite4,
author = {Hiesmayr, Beatrix and Löffler, Wolfgang},
year = {2013},
month = {09},
pages = {},
title = {Mutually Unbiased Bases and Bound Entanglement},
volume = {2014},
journal = {Physica Scripta},
doi = {10.1088/0031-8949/2014/T160/014017}
}


@article{cite5,
   title={Entanglement detection via mutually unbiased bases},
   volume={86},
   ISSN={1094-1622},
   url={http://dx.doi.org/10.1103/PhysRevA.86.022311},
   DOI={10.1103/physreva.86.022311},
   number={2},
   journal={Physical Review A},
   publisher={American Physical Society (APS)},
   author={Spengler, Christoph and Huber, Marcus and Brierley, Stephen and Adaktylos, Theodor and Hiesmayr, Beatrix C.},
   year={2012},
   month={Aug}
}
