@online{particleref,
    author= {Particle Data Group},
    title = {Particle Data Group},
    date = {2020},
    urldate = {2021-04-17},
    url = {https://pdg.lbl.gov/},
}

@online{code,
    author = {},
    title = {Git Instance, Implementation of the T0-Method},
    date = {2021},
    urldate = {2021-04-17},
    url = {git://popovic.xyz/tprak.git},
}


