@book{mathe,
   title={Mathematik f√ºr Physiker},
   publisher={Springer-Verlag},
   author={Kerner, von Wahl},
   year={2005}
}

@article{stoffer,
   title={Two-pion contribution to hadronic vacuum polarization},
   volume={2019},
   ISSN={1029-8479},
   url={http://dx.doi.org/10.1007/JHEP02(2019)006},
   DOI={10.1007/jhep02(2019)006},
   number={2},
   journal={Journal of High Energy Physics},
   publisher={Springer Science and Business Media LLC},
   author={Colangelo, Gilberto and Hoferichter, Martin and Stoffer, Peter},
   year={2019},
   month={Feb}
}

@article{omnes,
    author = "Omnes, R.",
    title = "{On the Solution of certain singular integral equations of quantum field theory}",
    doi = "10.1007/BF02747746",
    journal = "Nuovo Cim.",
    volume = "8",
    pages = "316--326",
    year = "1958"
}
