@book{oloff,
   title={Geometrie der Raumzeit, Eine mathematische Einführung},
   ISBN={ISBN 978-3-662-56736-4},
   publisher={Springer-Verlag},
   author={Reiner Oloff},
   year={2018}
}

@book{piotr,
   title={Elements of General Relativity},
   ISBN={978-3-030-28415-2},
   publisher={Birkhäuser},
   author={Piotr Chruściel},
   year={2019}
}

@book{meinel,
   title={Spezielle und allgemeine Relativitätstheorie für Bachelorstudenten},
   ISBN={978-3-662-58966-3},
   publisher={Springer-Verlag},
   author={Reinhard Meinel},
   year={2019}
}
