@book{diffg,
	author       = {Peter J. Olver},
	title        = {Applications of Lie Groups to Differential Equations},
	publisher    = {Springer-Verlag New York},
	date         = {1986},
}
