@article{teleportation,
  title = {Teleporting an unknown quantum state via dual classical and Einstein-Podolsky-Rosen channels},
  author = {Bennett, Charles H. and Brassard, Gilles and Cr\'epeau, Claude and Jozsa, Richard and Peres, Asher and Wootters, William K.},
  journal = {Phys. Rev. Lett.},
  volume = {70},
  issue = {13},
  pages = {1895--1899},
  numpages = {0},
  year = {1993},
  month = {03},
  publisher = {American Physical Society},
  doi = {10.1103/PhysRevLett.70.1895},
  url = {https://link.aps.org/doi/10.1103/PhysRevLett.70.1895}
}

@misc{body,
    author = "{Wikipedia contributors}",
    title = "Composition of the human body --- {Wikipedia}{,} The Free Encyclopedia",
    year = "2021",
    url = "https://en.wikipedia.org/w/index.php?title=Composition_of_the_human_body&oldid=1032434369",
    note = "[Online; accessed 8-July-2021]"
  }

@article{six-state,
   title={Incoherent and coherent eavesdropping in the six-state protocol of quantum cryptography},
   volume={59},
   ISSN={1094-1622},
   url={http://dx.doi.org/10.1103/PhysRevA.59.4238},
   DOI={10.1103/physreva.59.4238},
   number={6},
   journal={Physical Review A},
   publisher={American Physical Society (APS)},
   author={Bechmann-Pasquinucci, H. and Gisin, N.},
   year={1999},
   pages={4238â€“4248}
}
